<record><leader>00000cas a2200000 a 4500</leader><controlfield tag="001">9364249</controlfield><controlfield tag="008">830331d19211921ksuwr ne      0    0eng d</controlfield><controlfield tag="009">3789</controlfield><datafield ind1=" " ind2=" " tag="010"><subfield code="a">sn 83040063 </subfield></datafield><datafield ind1=" " ind2=" " tag="040"><subfield code="a">KSH</subfield><subfield code="b">eng</subfield><subfield code="c">KSH</subfield><subfield code="d">NPT</subfield><subfield code="d">OCL</subfield></datafield><datafield ind1=" " ind2=" " tag="042"><subfield code="a">msc</subfield></datafield><datafield ind1=" " ind2=" " tag="043"><subfield code="a">n-us-ks</subfield></datafield><datafield ind1="0" ind2="4" tag="245"><subfield code="a">The Colony sun.</subfield></datafield><datafield ind1=" " ind2=" " tag="260"><subfield code="a">Colony, Kan. :</subfield><subfield code="b">H.W. Bell,</subfield><subfield code="c">1921.</subfield></datafield><datafield ind1=" " ind2=" " tag="300"><subfield code="a">1 v. :</subfield><subfield code="b">ill. ;</subfield><subfield code="c">56 cm.</subfield></datafield><datafield ind1=" " ind2=" " tag="310"><subfield code="a">Weekly</subfield></datafield><datafield ind1="0" ind2=" " tag="362"><subfield code="a">Vol. 1, no. 1 (April 7, 1921)-v. 1, no. 8 (May 26, 1921).</subfield></datafield><datafield ind1=" " ind2=" " tag="500"><subfield code="a">Editor: Mert L. Post.</subfield></datafield><datafield ind1="1" ind2=" " tag="700"><subfield code="a">Post, Mert L.</subfield></datafield><datafield ind1="1" ind2=" " tag="700"><subfield code="a">Bell, H. W.</subfield></datafield><datafield ind1=" " ind2=" " tag="752"><subfield code="a">United States</subfield><subfield code="b">Kansas</subfield><subfield code="c">Anderson</subfield><subfield code="d">Colony.</subfield></datafield><datafield ind1="0" ind2="7" tag="785"><subfield code="t">Colony free press (Colony, Kan. : 1921)</subfield><subfield code="w">(DLC)sn 86064027</subfield></datafield><datafield ind1="0" ind2="7" tag="785"><subfield code="t">Colony free press the Colony sun</subfield><subfield code="w">(DLC)sn 86064029</subfield></datafield></record>